<?xml version="1.0" encoding="UTF-8"?><collection xmlns="http://www.loc.gov/MARC21/slim"><record><leader>00454nam--2200169-i-4500</leader><controlfield tag="001">000019000</controlfield><controlfield tag="002">20161230</controlfield><controlfield tag="005">20161230201033</controlfield><controlfield tag="008">060222s1000------------r-----000-0-eng-d</controlfield><datafield ind1=" " ind2=" " tag="040"><subfield code="a">IFIN-HH</subfield></datafield><datafield ind1=" " ind2=" " tag="080"><subfield code="a">536.75</subfield></datafield><datafield ind1="1" ind2=" " tag="100"><subfield code="a">Fermi, Enrico</subfield></datafield><datafield ind1="1" ind2="0" tag="245"><subfield code="a">Notes on thermodynamics and statistics</subfield><subfield code="c">Enrico fermi</subfield></datafield><datafield ind1=" " ind2=" " tag="260"><subfield code="a">Chicago</subfield><subfield code="b">The University Of Chicago Press</subfield><subfield code="c">1966</subfield></datafield><datafield ind1=" " ind2=" " tag="300"><subfield code="a">VIII + 182 P</subfield></datafield><datafield ind1=" " ind2=" " tag="852"><subfield code="a">27270</subfield><subfield code="c">536.7</subfield></datafield><datafield ind1=" " ind2=" " tag="CAT"><subfield code="a">Sys</subfield><subfield code="c">20110517</subfield><subfield code="h">111439</subfield></datafield></record></collection>